%YAML 1.1
%TAG !u! tag:unity3d.com,2011:
--- !u!1 &5785934789093294120
GameObject:
  m_ObjectHideFlags: 0
  m_CorrespondingSourceObject: {fileID: 0}
  m_PrefabInstance: {fileID: 0}
  m_PrefabAsset: {fileID: 0}
  serializedVersion: 6
  m_Component:
  - component: {fileID: 5785934789093294123}
  - component: {fileID: 5785934789093294122}
  - component: {fileID: 5785934789093294121}
  - component: {fileID: 5785934789093294132}
  m_Layer: 0
  m_Name: Sailor_panicking
  m_TagString: Untagged
  m_Icon: {fileID: 0}
  m_NavMeshLayer: 0
  m_StaticEditorFlags: 0
  m_IsActive: 1
--- !u!4 &5785934789093294123
Transform:
  m_ObjectHideFlags: 0
  m_CorrespondingSourceObject: {fileID: 0}
  m_PrefabInstance: {fileID: 0}
  m_PrefabAsset: {fileID: 0}
  m_GameObject: {fileID: 5785934789093294120}
  m_LocalRotation: {x: 0, y: 0, z: 0, w: 1}
  m_LocalPosition: {x: -1.2406132, y: 2.4104264, z: 0}
  m_LocalScale: {x: 1.436294, y: 1.386191, z: 1}
  m_Children:
  - {fileID: 7527837570199995602}
  m_Father: {fileID: 0}
  m_RootOrder: 0
  m_LocalEulerAnglesHint: {x: 0, y: 0, z: 0}
--- !u!212 &5785934789093294122
SpriteRenderer:
  m_ObjectHideFlags: 0
  m_CorrespondingSourceObject: {fileID: 0}
  m_PrefabInstance: {fileID: 0}
  m_PrefabAsset: {fileID: 0}
  m_GameObject: {fileID: 5785934789093294120}
  m_Enabled: 1
  m_CastShadows: 0
  m_ReceiveShadows: 0
  m_DynamicOccludee: 1
  m_MotionVectors: 1
  m_LightProbeUsage: 1
  m_ReflectionProbeUsage: 1
  m_RayTracingMode: 0
  m_RayTraceProcedural: 0
  m_RenderingLayerMask: 1
  m_RendererPriority: 0
  m_Materials:
  - {fileID: 2100000, guid: a97c105638bdf8b4a8650670310a4cd3, type: 2}
  m_StaticBatchInfo:
    firstSubMesh: 0
    subMeshCount: 0
  m_StaticBatchRoot: {fileID: 0}
  m_ProbeAnchor: {fileID: 0}
  m_LightProbeVolumeOverride: {fileID: 0}
  m_ScaleInLightmap: 1
  m_ReceiveGI: 1
  m_PreserveUVs: 0
  m_IgnoreNormalsForChartDetection: 0
  m_ImportantGI: 0
  m_StitchLightmapSeams: 1
  m_SelectedEditorRenderState: 0
  m_MinimumChartSize: 4
  m_AutoUVMaxDistance: 0.5
  m_AutoUVMaxAngle: 89
  m_LightmapParameters: {fileID: 0}
  m_SortingLayerID: -1504051615
  m_SortingLayer: 7
  m_SortingOrder: 0
  m_Sprite: {fileID: 5756907863702471016, guid: 2b6980d137c12f84ab814abcc435092e, type: 3}
  m_Color: {r: 1, g: 1, b: 1, a: 1}
  m_FlipX: 0
  m_FlipY: 0
  m_DrawMode: 0
  m_Size: {x: 1, y: 1}
  m_AdaptiveModeThreshold: 0.5
  m_SpriteTileMode: 0
  m_WasSpriteAssigned: 1
  m_MaskInteraction: 0
  m_SpriteSortPoint: 0
--- !u!95 &5785934789093294121
Animator:
  serializedVersion: 3
  m_ObjectHideFlags: 0
  m_CorrespondingSourceObject: {fileID: 0}
  m_PrefabInstance: {fileID: 0}
  m_PrefabAsset: {fileID: 0}
  m_GameObject: {fileID: 5785934789093294120}
  m_Enabled: 1
  m_Avatar: {fileID: 0}
  m_Controller: {fileID: 9100000, guid: de38b1cd4b294404fa126c9f854756f2, type: 2}
  m_CullingMode: 0
  m_UpdateMode: 0
  m_ApplyRootMotion: 0
  m_LinearVelocityBlending: 0
  m_WarningMessage: 
  m_HasTransformHierarchy: 1
  m_AllowConstantClipSamplingOptimization: 1
  m_KeepAnimatorControllerStateOnDisable: 0
--- !u!61 &5785934789093294132
BoxCollider2D:
  m_ObjectHideFlags: 0
  m_CorrespondingSourceObject: {fileID: 0}
  m_PrefabInstance: {fileID: 0}
  m_PrefabAsset: {fileID: 0}
  m_GameObject: {fileID: 5785934789093294120}
  m_Enabled: 1
  m_Density: 1
  m_Material: {fileID: 0}
  m_IsTrigger: 0
  m_UsedByEffector: 0
  m_UsedByComposite: 0
  m_Offset: {x: 0.036352962, y: -0.10358393}
  m_SpriteTilingProperty:
    border: {x: 0, y: 0, z: 0, w: 0}
    pivot: {x: 0.5, y: 0.5}
    oldSize: {x: 1, y: 1}
    newSize: {x: 1, y: 1}
    adaptiveTilingThreshold: 0.5
    drawMode: 0
    adaptiveTiling: 0
  m_AutoTiling: 0
  serializedVersion: 2
  m_Size: {x: 0.4728825, y: 0.79283214}
  m_EdgeRadius: 0
--- !u!1001 &8520938370015368608
PrefabInstance:
  m_ObjectHideFlags: 0
  serializedVersion: 2
  m_Modification:
    m_TransformParent: {fileID: 5785934789093294123}
    m_Modifications:
    - target: {fileID: 2177547800384852337, guid: f48d14da7842a7d4b9207dd384163a85, type: 3}
      propertyPath: m_Name
      value: MinigameLightup
      objectReference: {fileID: 0}
    - target: {fileID: 2177547800384852338, guid: f48d14da7842a7d4b9207dd384163a85, type: 3}
      propertyPath: m_RootOrder
      value: 0
      objectReference: {fileID: 0}
    - target: {fileID: 2177547800384852338, guid: f48d14da7842a7d4b9207dd384163a85, type: 3}
      propertyPath: m_LocalScale.x
      value: 0.5819351
      objectReference: {fileID: 0}
    - target: {fileID: 2177547800384852338, guid: f48d14da7842a7d4b9207dd384163a85, type: 3}
      propertyPath: m_LocalScale.y
      value: 0.6029689
      objectReference: {fileID: 0}
    - target: {fileID: 2177547800384852338, guid: f48d14da7842a7d4b9207dd384163a85, type: 3}
      propertyPath: m_LocalScale.z
      value: 0.55722
      objectReference: {fileID: 0}
    - target: {fileID: 2177547800384852338, guid: f48d14da7842a7d4b9207dd384163a85, type: 3}
      propertyPath: m_LocalPosition.x
      value: 0.007389297
      objectReference: {fileID: 0}
    - target: {fileID: 2177547800384852338, guid: f48d14da7842a7d4b9207dd384163a85, type: 3}
      propertyPath: m_LocalPosition.y
      value: 0.64173955
      objectReference: {fileID: 0}
    - target: {fileID: 2177547800384852338, guid: f48d14da7842a7d4b9207dd384163a85, type: 3}
      propertyPath: m_LocalPosition.z
      value: 0
      objectReference: {fileID: 0}
    - target: {fileID: 2177547800384852338, guid: f48d14da7842a7d4b9207dd384163a85, type: 3}
      propertyPath: m_LocalRotation.w
      value: 1
      objectReference: {fileID: 0}
    - target: {fileID: 2177547800384852338, guid: f48d14da7842a7d4b9207dd384163a85, type: 3}
      propertyPath: m_LocalRotation.x
      value: -0
      objectReference: {fileID: 0}
    - target: {fileID: 2177547800384852338, guid: f48d14da7842a7d4b9207dd384163a85, type: 3}
      propertyPath: m_LocalRotation.y
      value: -0
      objectReference: {fileID: 0}
    - target: {fileID: 2177547800384852338, guid: f48d14da7842a7d4b9207dd384163a85, type: 3}
      propertyPath: m_LocalRotation.z
      value: -0
      objectReference: {fileID: 0}
    - target: {fileID: 2177547800384852338, guid: f48d14da7842a7d4b9207dd384163a85, type: 3}
      propertyPath: m_LocalEulerAnglesHint.x
      value: 0
      objectReference: {fileID: 0}
    - target: {fileID: 2177547800384852338, guid: f48d14da7842a7d4b9207dd384163a85, type: 3}
      propertyPath: m_LocalEulerAnglesHint.y
      value: 0
      objectReference: {fileID: 0}
    - target: {fileID: 2177547800384852338, guid: f48d14da7842a7d4b9207dd384163a85, type: 3}
      propertyPath: m_LocalEulerAnglesHint.z
      value: 0
      objectReference: {fileID: 0}
    m_RemovedComponents: []
  m_SourcePrefab: {fileID: 100100000, guid: f48d14da7842a7d4b9207dd384163a85, type: 3}
--- !u!4 &7527837570199995602 stripped
Transform:
  m_CorrespondingSourceObject: {fileID: 2177547800384852338, guid: f48d14da7842a7d4b9207dd384163a85, type: 3}
  m_PrefabInstance: {fileID: 8520938370015368608}
  m_PrefabAsset: {fileID: 0}
